






@article{doi:10.1080/00207543.2021.1909169,
author = {Khelil Kassoul and Naoufel Cheikhrouhou and Nicolas Zufferey},
title = {Buffer allocation design for unreliable production lines using genetic algorithm and finite perturbation analysis},
journal = {International Journal of Production Research},
volume = {0},
number = {0},
pages = {1-17},
year  = {2021},
publisher = {Taylor & Francis},
doi = {10.1080/00207543.2021.1909169},

URL = { 
        https://doi.org/10.1080/00207543.2021.1909169
    
},
eprint = { 
        https://doi.org/10.1080/00207543.2021.1909169
    
}

}


