@Article{vp,
  author  = {Vouros, G.A. and Papadopoulos, H.T.},
  title   = {Buffer allocation in unreliable production lines using a knowledge based system},
  journal = {Computers Ops. Res.},
  year    = {1998},
  volume  = {25},
  number  = {12},
  pages   = {883--891},
  language  = {english} 
}

@InProceedings{eng1,
  author  = {Dolgui, A. and Eremeev, A. and Kolokolov, A. and Sigaev, V.S.},
  title   = {A Genetic Algorithm for Buffer Allocation in Production Line with Unreliable Machines},
  booktitle  = {Proceedings of the International Workshop Discrete Optimization Methods in Scheduling and Computer-Aided Design},
  year    = {2000},
  pages   = {26--31},
  location= {Minsk},
  language  = {english}   
}

@Article{Peter_2002,
  author  = {Peter, F. Stadler.},
  title   = {Fitness landscapes. In Biological Evolution and Statistical Physics},
  journal = {Michael Lässig and Angelo Valleriani (Eds.). Springer, Berlin, Heidelberg},
  pages   = {183–204},
  language  = {english} 
}

 @Article{Ancelin1987,
  author  = {Ancelin, B. and Semery, A.},
  title   = {Calcul de la productivit\'{e} d'une ligne integr\'{e}e de fabrication},
  journal = {RAIRO Automatiq., Productiq. Informatiq. Industrielle},
  year    = {1987},
  volume  = {21},
  pages   = {209-238},
  language  = {english}   
} 

 @Article{Proth84,
  author  = {Coillard, P. and Proth, J.M.},
  title   = {Effet des stocks tampons dans une fabrication en ligne},
  journal = {Revue belge de Statistique, d’Informatique et de Recherche Opérationnelle},
  year    = {1984},
  volume  = {24 (2)},
  pages   = {3--27},
  language  = {english}   
} 

@Article{DF,
  author  = {Dubois, D. and Forestier, J.P.},
  title   = {Productive et en-cours moyens d'un ensemble de deux machines separees par une zone de stockage},
  journal = {RAIRO Automatique},
  year    = {1982},
  volume  = {16},
  number  = {12},
  pages   = {105--132},
  language  = {english},
}

@Article{LP,
  author  = {Levin, A.A. and Pasjko, N.I.},
  title   = {Calculating the output of transfer lines},
  journal = {Stanki i Instrument},
  year      = {1969},
  number  = {8},
  pages   = {8--10},
  language  = {russian} 
}

@Article{TD87,
  author  = {Terracol, C. and David, R.},
  title   = {Performance d'une ligne compos\'{e}e de machines et de stocks interm\'{e}diaires},
  journal = {RAIRO Automatiq., Productiq. Informatiq. Industrielle},
  year    = {1987},
  volume  = {21},
  pages   = {239--262},
  language  = {english}   
} 

@Article{DS95,
  author  = {Dolgui, A.B. and Svirin, Y.P.},
  title   = {Models of evaluation of probabilistic productivity of automated technological complexes},
  journal = {Vesti Akademii Navuk Belarusi: phisikatechnichnie navuki},
  year    = {1995},
  volume  = {1},
  pages   = {59-67},
  language  = {english}   
}

@Article{Dolgui93,
  author  = {Dolgui, A.},
  title   = {Analyse de performances d’un atelier de production discontinue: m\'{e}thode et logiciel},
  journal = {Research Report INRIA},
  year    = {1993},
  pages   = {1949},
  language  = {english}   
}

@Book{Meerkov2009,
  title     = {Production Systems Engineering},
  publisher = {Springer US},
  year      = {2009},
  author    = {Li, J. and Meerkov, S.},
  pagetotal = {666},
  language    = {english} 
}

@Book{Gershwin1993,
  title     = {Manufacturing Systems Engineering},
  publisher = {Prentice Hall},
  year      = {1993},
  author    = {Gershwin, S.B.},
  language    = {english} 
}

@Article{Boese,
  author  = {Boese, K.D. and Kahng, A.B. and Muddu, S.},
  title   = {On the big valley and adaptive multi-start for discrete global optimizations},
  journal = {Technical report,UCLA CS Department, TR-930015},
  year    = {1993},
  language  = {english}   
}

@Article{Hains,
  author  = {Hains, D. and Whitley, L. and Howe, A.},
  title   = {Revisiting the big valley search space structure in the TSP},
  journal = {Oper. Res. Soc. 62},
  year    = {2011},
  pages   = {305-312},
  doi ={https://doi.org/10.1057/jors.2010.116},
  language  = {english}   
}

