@Article{vp,
  author  = {Vouros, G.A. and Papadopoulos, H.T.},
  title   = {Buffer allocation in unreliable production lines using a knowledge based system},
  journal = {Computers Ops. Res.},
  year    = {1998},
  volume  = {25},
  number  = {12},
  pages   = {883--891},
  language  = {english} 
}

@InProceedings{eng1,
  author  = {Dolgui, A. and Eremeev, A. and Kolokolov, A. and Sigaev, V.S.},
  title   = {A Genetic Algorithm for Buffer Allocation in Production Line with Unreliable Machines},
  booktitle  = {Proceedings of the International Workshop Discrete Optimization Methods in Scheduling and Computer-Aided Design},
  year    = {2000},
  pages   = {26--31},
  location= {Minsk},
  language  = {english}   
}

@Article{Peter_2002,
  author  = {Peter, F. Stadler.},
  title   = {Fitness landscapes. In Biological Evolution and Statistical Physics},
  journal = {Michael Lässig and Angelo Valleriani (Eds.). Springer, Berlin, Heidelberg},
  pages   = {183–204},
  language  = {english} 
}

 @Article{Ancelin1987,
  author  = {Ancelin, B. and Semery, A.},
  title   = {Calcul de la productivit\'{e} d'une ligne integr\'{e}e de fabrication},
  journal = {RAIRO Automatiq., Productiq. Informatiq. Industrielle},
  year    = {1987},
  volume  = {21},
  pages   = {209-238},
  language  = {english}   
} 

 @Article{Proth84,
  author  = {Coillard, P. and Proth, J.M.},
  title   = {Effet des stocks tampons dans une fabrication en ligne},
  journal = {Revue belge de Statistique, d’Informatique et de Recherche Opérationnelle},
  year    = {1984},
  volume  = {24 (2)},
  pages   = {3--27},
  language  = {english}   
} 

@Article{DF,
  author  = {Dubois, D. and Forestier, J.P.},
  title   = {Productive et en-cours moyens d'un ensemble de deux machines separees par une zone de stockage},
  journal = {RAIRO Automatique},
  year    = {1982},
  volume  = {16},
  number  = {12},
  pages   = {105--132},
  language  = {english},
}

@Article{LP,
  author  = {Levin, A.A. and Pasjko, N.I.},
  title   = {Calculating the output of transfer lines},
  journal = {Stanki i Instrument},
  year      = {1969},
  number  = {8},
  pages   = {8--10},
  language  = {russian} 
}

@Article{TD87,
  author  = {Terracol, C. and David, R.},
  title   = {Performance d'une ligne compos\'{e}e de machines et de stocks interm\'{e}diaires},
  journal = {RAIRO Automatiq., Productiq. Informatiq. Industrielle},
  year    = {1987},
  volume  = {21},
  pages   = {239--262},
  language  = {english}   
} 

@Article{DS95,
  author  = {Dolgui, A.B. and Svirin, Y.P.},
  title   = {Models of evaluation of probabilistic productivity of automated technological complexes},
  journal = {Vesti Akademii Navuk Belarusi: phisikatechnichnie navuki},
  year    = {1995},
  volume  = {1},
  pages   = {59-67},
  language  = {english}   
}

@Article{Dolgui93,
  author  = {Dolgui, A.},
  title   = {Analyse de performances d’un atelier de production discontinue: m\'{e}thode et logiciel},
  journal = {Research Report INRIA},
  year    = {1993},
  pages   = {1949},
  language  = {english}   
}

@Book{Meerkov2009,
  title     = {Production Systems Engineering},
  publisher = {Springer US},
  year      = {2009},
  author    = {Li, J. and Meerkov, S.},
  pagetotal = {666},
  language    = {english} 
}

@Book{Gershwin1993,
  title     = {Manufacturing Systems Engineering},
  publisher = {Prentice Hall},
  year      = {1993},
  author    = {Gershwin, S.B.},
  language    = {english} 
}

@Article{Boese,
  author  = {Boese, K.D. and Kahng, A.B. and Muddu, S.},
  title   = {On the big valley and adaptive multi-start for discrete global optimizations},
  journal = {Technical report,UCLA CS Department, TR-930015},
  year    = {1993},
  language  = {english}   
}

@Article{Hains,
  author  = {Hains, D. and Whitley, L. and Howe, A.},
  title   = {Revisiting the big valley search space structure in the TSP},
  journal = {Oper. Res. Soc. 62},
  year    = {2011},
  pages   = {305--312},
  language  = {english}   
}

 @Article{DG92,
  author  = {Dallery, Y. and Gershwin, S.B.},
  title   = {Manufacturing flow line systems: a review of models and analytical results},
  journal = {Queueing Syst.},
  year    = {1992},
  volume  = {12},
  number  = {1-2},
  pages   = {3--94},
  language  = {english}   
} 

 @Article{HPB1993,
  author  = {Heavey, C. and Papadopoulos, H. and Browne, J.},
  title   = {The throughput rate of multistation unreliable production lines},
  journal = {Europ. J. Oper. Res.},
  year    = {1993},
  volume  = {68},
  pages   = {69–-89},
  language  = {english}   
} 

 @Article{TanGer09,
  author  = {Tan, B. and Gershwin, S.B.},
  title   = {Analysis of a general Markovian two-stage continuous-flow production system with a finite buffer},
  journal = {International Journal of Production Economics},
  year    = {2009},
  volume  = {120 (2)},
  pages   = {327--339},
  language  = {english}   
}

@Article{SmiDas88,
  author  = {Smith, J.M. and Daskalaki, S.},
  title   = {Buffer space-allocation in automated assembly lines},
  journal = {Operations Research},
  year    = {1988},
  volume  = {36},
  pages   = {343--358},
  language  = {english}   
}

@Article{So97,
  author  = {So, K.C.},
  title   = {Optimal buffer allocation strategy for minimizing work-in-process inventory in unpaced production lines},
  journal = {lIE Transactions},
  year    = {1997},
  volume  = {29},
  pages   = {81--88},
  language  = {english}   
}

@Article{Gs,
  author  = {Gershwin, S.B. and Schor, J.E.},
  title   = {Efficient Algorithms for Buffer Space Allocation. Annals of Operations Research},
  journal = {Annals of Operations Research},
  year    = {2000},
  volume  = {93},
  pages   = {117--144},
  language  = {english}   
}

@Article{ShiGer2009,
  author  = {Shi, C. and Gershwin, S.B.},
  title   = {An efficient buffer design algorithm for production line profit maximization Original Research},
  journal = {International Journal of Production Economics},
  year    = {2009},
  volume  = {122 (2)},
  pages   = {725--740},
  language  = {english}   
}

@Article{DalXie89,
  author  = {Dallery, Y. and David, R. and Xie, X.},
  title   = {Approximate analysis of transfer lines with unreliable machines and finite buffers},
  journal = {IEEE Transactions on Automatic Control},
  year    = {1989},
  volume  = {34},
  pages   = {943--953},
  language  = {english}   
}

@Article{DeKoster87,
  author  = {De Koster, M.B.M.},
  title   = {Estimation of line efficiency by aggregation},
  journal = {International Journal of Production Research},
  year    = {1987},
  volume  = {25},
  pages   = {615--626},
  language  = {english}   
}

@Article{Gers87,
  author  = {Gershwin, S.B.},
  title   = {An efficient decomposition method for the approximate evaluation of tandem queues with finite storage space and blocking},
  journal = {Operations Research},
  year    = {1987},
  volume  = {35 (2)},
  pages   = {291--305},
  language  = {english}   
}

@Article{Li2005,
  author  = {Li, J.},
  title   = {Overlapping decomposition: a system-theoretic method for modeling and analysis of complex manufacturing systems},
  journal = {IEEE Transactions on Automation Science and Engineering},
  year    = {2005},
  volume  = {2 (1)},
  pages   = {40--53},
  language  = {english}   
}

@Article{SorJan2004,
  author  = {Sörensen, K. and Janssens, G.K.},
  title   = {A Petri net model of a continuous flow transfer line with unreliable machines},
  journal = {European Journal of Operational Research},
  year    = {2004},
  volume  = {152},
  pages   = {248--262},
  language  = {english}   
}

@Article{sHBBA2007,
  author  = {Dolgui, A. and Eremeev, A.V. and Sigaev, V.S.},
  title   = {HBBA: hybrid algorithm for buffer allocation in tandem production lines},
  journal = {Journal of Intelligent Manufacturing},
  year    = {2007},
  volume  = {18},  
  number  = {3},
  pages   = {411--420},
  language  = {english} 
}

@incollection{DEKS2018,
  TITLE = {{Complexity of Bi-objective Buffer Allocation Problem in Systems with Simple Structure}},
  AUTHOR = {Dolgui, Alexandre and Eremeev, Anton and Kovalyov, Mikhail and Sigaev, Vyacheslav},
  BOOKTITLE = {{Optimization Problems and Their Applications}},
  PUBLISHER = {{Springer}},
  SERIES = {Communications in Computer and Information Science},
  VOLUME = {871},
  PAGES = {278-287},
  YEAR = {2018},
  MONTH = Jun,
}

@article{DEKS2013,
  TITLE = {{Complexity of Buffer Capacity Allocation Problems for Production Lines with Unreliable Machines}},
  AUTHOR = {Dolgui, Alexandre and Eremeev, Anton and Kovalyov, Mikhail Y. and Sigaev, V.},
  JOURNAL = {{Journal of Mathematical Modelling and Algorithms in Operations Research}},
  PUBLISHER = {{Springer}},
  VOLUME = {Volume 12},
  NUMBER = {Issue 2},
  PAGES = {pp 155-165},
  YEAR = {2013},
  MONTH = Jun,
  KEYWORDS = {Flow-line ; Unreliable machines ; Buffer allocation ; Optimization ; Computational complexity},
  HAL_ID = {emse-00881377},
  HAL_VERSION = {v1},
}

@article{KL87,
title = {Towards a general theory of adaptive walks on rugged landscapes},
journal = {Journal of Theoretical Biology},
volume = {128},
number = {1},
pages = {11-45},
year = {1987},
issn = {0022-5193},
author = {Stuart, Kauffman and Simon, Levin},
}

@Article{Reeves99,
  author={Reeves, C.R.},
  title={{Landscapes, operators and heuristic search}},
  journal={Annals of Operations Research},
  year=1999,
  volume={86},
  number={0},
  pages={473-490},
  month={January},
}

@inproceedings{bib:Dang2016a,
    author = {Dang, Duc-Cuong and
    Friedrich, Tobias and
    K{\"{o}}tzing, Timo and
    Krejca, Martin S. and
    Lehre, Per Kristian and
    Oliveto, Pietro Simone and
    Sudholt, Dirk and
    Sutton, Andrew M.},
    title     = {Escaping Local Optima with Diversity Mechanisms and Crossover},
    booktitle = {Proceedings of the 2016 {Genetic} and {Evolutionary} {Computation} {Conference} ({GECCO 2016})},
    publisher={ACM},
    pages     = {645--652},
    year      = {2016},
}

@Book{Sach,
  author  = {Sachkov, V.N.},
  title     = {Introduction to combinatorial methods of discrete mathematics},
  publisher = {M.: Science},
  year      = {1982},
  pagetotal = {384},
  language    = {Russian} 
}

@article{Seva62,
  author  = {Sevast'yanov, B.A.},
  title     = {The Problem of How Bunker Capacity Influences Averages Idle Time for an Automated
Line of Machines},
  journal = {Teor. Veroyat. Primen.},
  year      = {1962},
  volume = {7},
  number = {4},
  pages = {438-447},
}
